@book{主参考书,
    author      = "吴大正",
    title       = "信号与线性系统分析",
    edition     = 5,
    year        = 2019,
    isbn        = "978-7-04-051311-0",
    publisher   = "高等教育出版社",
    address     = "北京"
}